<collection xmlns='http://www.loc.gov/MARC21/slim' xmlns:xsi='http://www.w3.org/2001/XMLSchema-instance' xsi:schemaLocation='http://www.loc.gov/standards/marcxml/schema/MARC21slim.xsd'>
  <record xmlns="http://www.loc.gov/MARC21/slim">
    <leader>00000ntm a2200000Ia 4500</leader>
    <controlfield tag="001">on1135058958</controlfield>
    <controlfield tag="008">200107q09500950ua            000 0 ara d</controlfield>
    <datafield tag="040" ind1=" " ind2=" ">
      <subfield code="a">BMC</subfield>
      <subfield code="b">eng</subfield>
      <subfield code="e">amremm</subfield>
      <subfield code="c">BMC</subfield>
    </datafield>
    <datafield tag="099" ind1=" " ind2=" ">
      <subfield code="a">BV 69</subfield>
    </datafield>
    <datafield tag="049" ind1=" " ind2=" ">
      <subfield code="a">BMCC</subfield>
    </datafield>
    <datafield tag="245" ind1="0" ind2="0">
      <subfield code="6">880-01</subfield>
      <subfield code="a">Muṣḥaf jalīl fīhi ....</subfield>
    </datafield>
    <datafield tag="264" ind1=" " ind2="0">
      <subfield code="a">[Sinai, Egypt],</subfield>
      <subfield code="c">[950?]</subfield>
    </datafield>
    <datafield tag="300" ind1=" " ind2=" ">
      <subfield code="a">52 leaves :</subfield>
      <subfield code="b">parchment, paper ;</subfield>
      <subfield code="c">212 x 170 (170 x 120) mm bound to 215 x 175 mm</subfield>
    </datafield>
    <datafield tag="336" ind1=" " ind2=" ">
      <subfield code="a">text</subfield>
      <subfield code="b">txt</subfield>
      <subfield code="2">rdacontent</subfield>
    </datafield>
    <datafield tag="337" ind1=" " ind2=" ">
      <subfield code="a">unmediated</subfield>
      <subfield code="b">n</subfield>
      <subfield code="2">rdamedia</subfield>
    </datafield>
    <datafield tag="338" ind1=" " ind2=" ">
      <subfield code="a">volume</subfield>
      <subfield code="b">nc</subfield>
      <subfield code="2">rdacarrier</subfield>
    </datafield>
    <datafield tag="340" ind1=" " ind2=" ">
      <subfield code="d">manuscript</subfield>
    </datafield>
    <datafield tag="500" ind1=" " ind2=" ">
      <subfield code="a">Manuscript codex.</subfield>
    </datafield>
    <datafield tag="520" ind1=" " ind2=" ">
      <subfield code="a">Incomplete copy of a collection of homilies and saints' and martyrs' lives. This manuscript is part of a now-dispersed manuscript written at Mt. Sinai. The table of contents (f. 3v-4r) lists 22 works, but only portions of the first and fourth are present in this manuscript. A set of 8 leaves on paper (170 x 160 mm) have been added in a later hand and include the incomplete story of the martyrdoms of Anbā Qūris, Yuḥannā, the three virgins and their mother.</subfield>
    </datafield>
    <datafield tag="546" ind1=" " ind2=" ">
      <subfield code="a">Arabic.</subfield>
    </datafield>
    <datafield tag="500" ind1=" " ind2=" ">
      <subfield code="a">Title from title page (f. 3r)</subfield>
    </datafield>
    <datafield tag="505" ind1="1" ind2=" ">
      <subfield code="a">1. f. 3r-38v: Maymar qālahu Yuḥannā ibn Zabadī ʻalá niyāḥat MartMaryam al-Sayyidah.-- 2. f. 42r-49r: Shahādat Anbā Qūris wa-Yūḥannā -- 3. f. 49v-52r: Qiṣṣat iẓhār ṣalīb rabbinā al-Masīḥ bi-Bayt al-Maqdis.</subfield>
    </datafield>
    <datafield tag="500" ind1=" " ind2=" ">
      <subfield code="a">Foliation: Modern foliation in pencil added, lower gutter margin recto.</subfield>
    </datafield>
    <datafield tag="500" ind1=" " ind2=" ">
      <subfield code="a">Layout: Written in 15-17 long lines.</subfield>
    </datafield>
    <datafield tag="500" ind1=" " ind2=" ">
      <subfield code="a">Script: Written in New Style in black ink; pointed.</subfield>
    </datafield>
    <datafield tag="500" ind1=" " ind2=" ">
      <subfield code="a">Decoration: Rubrications in red.</subfield>
    </datafield>
    <datafield tag="500" ind1=" " ind2=" ">
      <subfield code="a">Origin: The date has been scrubbed, but probably mid-10th century. Copied by Thūmā, a monk of Saint Catherine's Monastary on Mount Sinai (f. 4r).</subfield>
    </datafield>
    <datafield tag="500" ind1=" " ind2=" ">
      <subfield code="a">Binding: Bound in brown leather over wood with nails.</subfield>
    </datafield>
    <datafield tag="524" ind1=" " ind2=" ">
      <subfield code="a">Bryn Mawr College Libraries BV 69</subfield>
    </datafield>
    <datafield tag="541" ind1="1" ind2=" ">
      <subfield code="a">Gift of Howard Lehman Goodhart in 1949.</subfield>
    </datafield>
    <datafield tag="544" ind1="0" ind2=" ">
      <subfield code="n">Other portions of this manuscript located at Leiden University Library under the shelfmark Or. 14.238 and in the Mingana Collection in Birmingham under the shelfmarks Christ. Arab. 94, Add. Arab. 148, and Add. Arab. 149.</subfield>
    </datafield>
    <datafield tag="561" ind1="1" ind2=" ">
      <subfield code="a">Sold by Ludwig Rosenthal in Munich in 1913.</subfield>
    </datafield>
    <datafield tag="561" ind1="1" ind2=" ">
      <subfield code="a">Sold by K. Hiersemann in Leipzig in 1922, lot number 15, listed as Heiligenlegenden at 90,000 DM (label inside front cover).</subfield>
    </datafield>
    <datafield tag="561" ind1="1" ind2=" ">
      <subfield code="a">Formerly owned by Anrold J. Mettler as part of the Arnold Mettler-Specker Collection (bookplate inside back cover) on loan to the Zurich Zentralbibliothek under the designation Or. 74.</subfield>
    </datafield>
    <datafield tag="561" ind1="1" ind2=" ">
      <subfield code="a">Sold at the Parke-Bernet Galleries sale held on 29-30 November 1948, catalog entry number 302 (clipping pasted onto inside front cover with note in pencil inside back cover).</subfield>
    </datafield>
    <datafield tag="561" ind1="1" ind2=" ">
      <subfield code="a">Purchased by Howard Lehman Goodhart (bookplate inside back cover) in 1948 and listed as MS 95 in his book of purchases.</subfield>
    </datafield>
    <datafield tag="581" ind1=" " ind2=" ">
      <subfield code="a">Graf, G. "Alte christliche-arabische Fragments," Oriens Christianus n.s. 4 (1914): 338-341.</subfield>
    </datafield>
    <datafield tag="581" ind1=" " ind2=" ">
      <subfield code="a">Outtier, Bernard. "Le sort des manuscrits du Katalog Hiersemann 500," Analecta Bollandiana 93 (1975): 378-379.</subfield>
    </datafield>
    <datafield tag="581" ind1=" " ind2=" ">
      <subfield code="a">Esbroeck, Michel van, "Remembrement d'un manuscrit sinaïtique arabe de 950," Actes du Premier Congrès International d'Études Arabes Chrétiennes (=Orientalia Christiana Analecta) 218 (1982): 135-147.</subfield>
    </datafield>
    <datafield tag="581" ind1=" " ind2=" ">
      <subfield code="a">Pollock, James W. "Two Christian Arabic Manuscripts in the Bryn Mawr Library," Journal of the American Oriental Society, 110.2 (1990): 330-331.</subfield>
    </datafield>
    <datafield tag="650" ind1=" " ind2="0">
      <subfield code="a">Christianity.</subfield>
    </datafield>
    <datafield tag="650" ind1=" " ind2="0">
      <subfield code="a">Saints</subfield>
      <subfield code="v">Legends.</subfield>
    </datafield>
    <datafield tag="650" ind1=" " ind2="0">
      <subfield code="a">Martyrs</subfield>
      <subfield code="v">Legends.</subfield>
    </datafield>
    <datafield tag="650" ind1=" " ind2="0">
      <subfield code="a">Martyrologies</subfield>
      <subfield code="v">Early works to 1800.</subfield>
    </datafield>
    <datafield tag="650" ind1=" " ind2="0">
      <subfield code="a">Christian literature, Arabic</subfield>
      <subfield code="v">Early works to 1800.</subfield>
    </datafield>
    <datafield tag="655" ind1=" " ind2="0">
      <subfield code="a">Manuscripts, Arabic.</subfield>
    </datafield>
    <datafield tag="655" ind1=" " ind2="0">
      <subfield code="a">Manuscripts, 10th century.</subfield>
    </datafield>
    <datafield tag="655" ind1=" " ind2="7">
      <subfield code="a">Codices (bound manuscripts)</subfield>
      <subfield code="2">aat</subfield>
    </datafield>
    <datafield tag="655" ind1=" " ind2="7">
      <subfield code="a">Manuscripts (documents)</subfield>
      <subfield code="2">aat</subfield>
    </datafield>
    <datafield tag="700" ind1="0" ind2=" ">
      <subfield code="6">880-02</subfield>
      <subfield code="a">Thūmā,</subfield>
      <subfield code="c">al-Rāhib,</subfield>
      <subfield code="d">active 950,</subfield>
      <subfield code="e">scribe.</subfield>
    </datafield>
    <datafield tag="700" ind1="1" ind2=" ">
      <subfield code="a">Mettler, Arnold J.</subfield>
      <subfield code="e">former owner.</subfield>
    </datafield>
    <datafield tag="700" ind1="1" ind2=" ">
      <subfield code="a">Goodhart, Howard Lehman,</subfield>
      <subfield code="d">1884?-1951,</subfield>
      <subfield code="e">former owner,</subfield>
      <subfield code="e">donor.</subfield>
    </datafield>
    <datafield tag="710" ind1="2" ind2=" ">
      <subfield code="a">Parke-Bernet Galleries,</subfield>
      <subfield code="e">auctioneer.</subfield>
    </datafield>
    <datafield tag="710" ind1="2" ind2=" ">
      <subfield code="a">Saint Catherine (Monastery : Mount Sinai)</subfield>
    </datafield>
    <datafield tag="740" ind1="0" ind2="2">
      <subfield code="6">880-03</subfield>
      <subfield code="a">Maymar qālahu Yuḥannā ibn Zabadī ʻalá niyāḥat MartMaryam al-Sayyidah.</subfield>
    </datafield>
    <datafield tag="740" ind1="0" ind2="2">
      <subfield code="6">880-04</subfield>
      <subfield code="a">Shahādat Anbā Qūris wa-Yūḥannā.</subfield>
    </datafield>
    <datafield tag="740" ind1="0" ind2="2">
      <subfield code="6">880-05</subfield>
      <subfield code="a">Qiṣṣat iẓhār ṣalīb rabbinā al-Masīḥ bi-Bayt al-Maqdis.</subfield>
    </datafield>
    <datafield tag="856" ind1="4" ind2="1">
      <subfield code="z">Digital facsimile in OPenn</subfield>
      <subfield code="u">http://openn.library.upenn.edu/Data/0003/html/bv_069.html</subfield>
    </datafield>
    <datafield tag="852" ind1=" " ind2=" ">
      <subfield code="b">Special Collections</subfield>
      <subfield code="a">Bryn Mawr College Libraries</subfield>
      <subfield code="e">Bryn Mawr, PA</subfield>
      <subfield code="u">https://tricolib.primo.exlibrisgroup.com/discovery/search?vid=01TRI_INST:BMC</subfield>
    </datafield>
    <datafield tag="880" ind1="0" ind2="0">
      <subfield code="6">245-01/(3/r</subfield>
      <subfield code="a">مصحف جليل فيه ....</subfield>
    </datafield>
    <datafield tag="880" ind1="0" ind2=" ">
      <subfield code="6">700-02/(3/r</subfield>
      <subfield code="a">ثوما،</subfield>
      <subfield code="c">الراهب،</subfield>
      <subfield code="d">active 950،</subfield>
      <subfield code="e">scribe.</subfield>
    </datafield>
    <datafield tag="880" ind1="0" ind2="2">
      <subfield code="6">740-03/(3/r</subfield>
      <subfield code="a">ميمر قاله يحنا بن زبدي على نياحة مرتمريم السيدة.</subfield>
    </datafield>
    <datafield tag="880" ind1="0" ind2="2">
      <subfield code="6">740-04/(3/r</subfield>
      <subfield code="a">شهادة انبا قورس ويوحنا.</subfield>
    </datafield>
    <datafield tag="880" ind1="0" ind2="2">
      <subfield code="6">740-05/(3/r</subfield>
      <subfield code="a">قصة اظهار صليب ربنا المسيح ببيت المقدس.</subfield>
    </datafield>
    <datafield tag="066" ind1=" " ind2=" ">
      <subfield code="c">(3</subfield>
    </datafield>
  </record></collection>